@article{scikit-learn,
 title={Scikit-learn: Machine Learning in {P}ython},
 author={Pedregosa, F. and Varoquaux, G. and Gramfort, A. and Michel, V.
         and Thirion, B. and Grisel, O. and Blondel, M. and Prettenhofer, P.
         and Weiss, R. and Dubourg, V. and Vanderplas, J. and Passos, A. and
         Cournapeau, D. and Brucher, M. and Perrot, M. and Duchesnay, E.},
 journal={Journal of Machine Learning Research},
 volume={12},
 pages={2825--2830},
 year={2011}
}
@inproceedings{zhu2009,
  title={MedLDA: maximum margin supervised topic models for regression and classification},
  author={Zhu, Jun and Ahmed, Amr and Xing, Eric P},
  booktitle={Proceedings of the 26th Annual International Conference on Machine Learning},
  pages={1257--1264},
  year={2009},
  organization={ACM}
}

@inproceedings{lacoste2009,
  title={DiscLDA: Discriminative learning for dimensionality reduction and classification},
  author={Lacoste-Julien, Simon and Sha, Fei and Jordan, Michael I},
  booktitle={Advances in neural information processing systems},
  pages={897--904},
  year={2009}
}
@book{bird2009,
  title={Natural language processing with Python},
  author={Bird, Steven and Klein, Ewan and Loper, Edward},
  year={2009},
  publisher={''O'Reilly Media, Inc.''}
}

@article{stigler1983,
  title={Who discovered Bayes's theorem?},
  author={Stigler, Stephen M},
  journal={The American Statistician},
  volume={37},
  number={4a},
  pages={290--296},
  year={1983},
  publisher={Taylor \& Francis}
}

@inproceedings{pang2002,
   author = {Bo Pang and Lillian Lee and Shivakumar Vaithyanathan},
   title = {Thumbs Up? Sentiment Classification Using Machine Learning Techniques},
   year = {2002},
   pages = {79--86},
   booktitle = {Proceedings of EMNLP}
}

@inproceedings{turney2002,
  title={Thumbs up or thumbs down?: semantic orientation applied to unsupervised classification of reviews},
  author={Turney, Peter D},
  booktitle={Proceedings of the 40th annual meeting on association for computational linguistics},
  pages={417--424},
  year={2002},
  organization={Association for Computational Linguistics}
}

@inproceedings{hu2004,
  title={Mining and summarizing customer reviews},
  author={Hu, Minqing and Liu, Bing},
  booktitle={Proceedings of the tenth ACM SIGKDD international conference on Knowledge discovery and data mining},
  pages={168--177},
  year={2004},
  organization={ACM}
}

@inproceedings{blair2008,
  title={Building a sentiment summarizer for local service reviews},
  author={Blair-Goldensohn, Sasha and Hannan, Kerry and McDonald, Ryan and Neylon, Tyler and Reis, George A and Reynar, Jeff},
  booktitle={WWW workshop on NLP in the information explosion era},
  volume={14},
  pages={339--348},
  year={2008}
}

@misc{quora,
 author = {Quora},
  title = {Which companies are doing real time sentiment analysis on social media?},
  howpublished = {\url{https://www.quora.com/Which-companies-are-doing-real-time-sentiment-analysis-on-social-media}},
  note = {Accessed: 24-Feb-2017}
}

 @misc{wiki:nb,
   author = "Wikipedia",
   title = "Naive Bayes classifier --- Wikipedia{,} The Free Encyclopedia",
   year = "2017",
   url = "https://en.wikipedia.org/w/index.php?title=Naive_Bayes_classifier&oldid=761016630",
   note = "Accessed 24-Feb-2017"
 }

@article{ogle2017,
  title={The OGLE Collection of Variable Stars. Over 450 000 Eclipsing and Ellipsoidal Binary Systems Toward the Galactic Bulge},
  author={Soszy{\'n}ski, I and Pawlak, M and Pietrukowicz, P and Udalski, A and Szyma{\'n}ski, MK and Wyrzykowski, {\L} and Ulaczyk, K and Poleski, R and Kozlowski, S and Skowron, DM and others},
  journal={arXiv preprint arXiv:1701.03105},
  year={2017}
}

@inproceedings{dataset,
  title={From group to individual labels using deep features},
  author={Kotzias, Dimitrios and Denil, Misha and De Freitas, Nando and Smyth, Padhraic},
  booktitle={Proceedings of the 21th ACM SIGKDD International Conference on Knowledge Discovery and Data Mining},
  pages={597--606},
  year={2015},
  organization={ACM}
}