%% This BibTeX bibliography file was created using BibDesk.
%% http://bibdesk.sourceforge.net/


%% Created for William Coulton at 2017-05-16 14:15:41 -0400 


%% Saved with string encoding Unicode (UTF-8) 



@article{SoftImpute,
	Adsnote = {Provided by the SAO/NASA Astrophysics Data System},
	Adsurl = {http://adsabs.harvard.edu/abs/2014arXiv1410.2596H},
	Archiveprefix = {arXiv},
	Author = {{Hastie}, T. and {Mazumder}, R. and {Lee}, J. and {Zadeh}, R.},
	Date-Added = {2017-05-16 18:15:31 +0000},
	Date-Modified = {2017-05-16 18:15:37 +0000},
	Eprint = {1410.2596},
	Journal = {ArXiv e-prints},
	Keywords = {Statistics - Methodology, Statistics - Machine Learning},
	Month = oct,
	Primaryclass = {stat.ME},
	Title = {{Matrix Completion and Low-Rank SVD via Fast Alternating Least Squares}},
	Year = 2014}

@article{scikit-learn,
	Author = {Pedregosa, F. and Varoquaux, G. and Gramfort, A. and Michel, V. and Thirion, B. and Grisel, O. and Blondel, M. and Prettenhofer, P. and Weiss, R. and Dubourg, V. and Vanderplas, J. and Passos, A. and Cournapeau, D. and Brucher, M. and Perrot, M. and Duchesnay, E.},
	Journal = {Journal of Machine Learning Research},
	Pages = {2825--2830},
	Title = {Scikit-learn: Machine Learning in {P}ython},
	Volume = {12},
	Year = {2011}}

@article{pulsarplanet,
	Adsnote = {Provided by the SAO/NASA Astrophysics Data System},
	Adsurl = {http://adsabs.harvard.edu/abs/1992Natur.355..145W},
	Author = {{Wolszczan}, A. and {Frail}, D.~A.},
	Doi = {10.1038/355145a0},
	Journal = {Nature},
	Keywords = {Binary Stars, Extrasolar Planets, Orbital Mechanics, Planetary Systems, Pulsars, Accretion Disks, Least Squares Method, Neutron Stars, Radio Astronomy, Supernova Remnants},
	Month = jan,
	Pages = {145-147},
	Title = {{A planetary system around the millisecond pulsar PSR1257 + 12}},
	Volume = 355,
	Year = 1992,
	Bdsk-Url-1 = {http://dx.doi.org/10.1038/355145a0}}

@misc{exoplanetorg,
	Author = {exoplanets.org},
	Howpublished = {\url{http://exoplanets.org/}},
	Note = {Accessed: 2017-04-21},
	Title = {Exoplanets.org main page}}

@misc{hatpi,
	Author = {HATPI collaboration},
	Howpublished = {\url{https://hatpi.org/}},
	Note = {Accessed: 2017-04-27},
	Title = {The HATPI project}}

@misc{hatsouthpicture,
	Author = {HATSouth collaboration},
	Howpublished = {\url{https://hatsouth.org/operations.html}},
	Note = {Accessed: 2017-04-27},
	Title = {The HATSouth Exoplanet Survey}}

@misc{transit_pic,
	Author = {NASA Ames},
	Howpublished = {\url{https://www.nasa.gov/mission_pages/kepler/multimedia/images/transit-light-curve.html}},
	Note = {Accessed: 2017-04-27},
	Title = {Light Curve of a Planet Transiting Its Star}}

@article{kepler,
	Author = {Borucki, William J and Koch, David and Basri, Gibor and Batalha, Natalie and Brown, Timothy and Caldwell, Douglas and Caldwell, John and Christensen-Dalsgaard, J{\o}rgen and Cochran, William D and DeVore, Edna and others},
	Journal = {Science},
	Number = {5968},
	Pages = {977--980},
	Publisher = {American Association for the Advancement of Science},
	Title = {Kepler planet-detection mission: introduction and first results},
	Volume = {327},
	Year = {2010}}

@article{k2,
	Author = {Howell, Steve B and Sobeck, Charlie and Haas, Michael and Still, Martin and Barclay, Thomas and Mullally, Fergal and Troeltzsch, John and Aigrain, Suzanne and Bryson, Stephen T and Caldwell, Doug and others},
	Journal = {Publications of the Astronomical Society of the Pacific},
	Number = {938},
	Pages = {398},
	Publisher = {IOP Publishing},
	Title = {The K2 mission: Characterization and early results},
	Volume = {126},
	Year = {2014}}

@article{hatnet,
	Author = {Hartman, JD and Bakos, G and Stanek, KZ and Noyes, RW},
	Journal = {The Astronomical Journal},
	Number = {4},
	Pages = {1761},
	Publisher = {IOP Publishing},
	Title = {HATnet variability survey in the high stellar density ``Kepler field'' with millimagnitude image subtraction photometry},
	Volume = {128},
	Year = {2004}}

@article{hatsouth,
	Author = {Bakos, G and Afonso, C and Henning, T and Jord{\'a}n, A and Holman, M and Noyes, RW and Sackett, PD and Sasselov, D and Kov{\'a}cs, G{\'a}bor and Csubry, Z and others},
	Journal = {Proceedings of the International Astronomical Union},
	Number = {S253},
	Pages = {354--357},
	Publisher = {Cambridge Univ Press},
	Title = {HAT-South: a Global network of southern Hemisphere automated telescopes to detect transiting exoplanets},
	Volume = {4},
	Year = {2008}}

@article{ogle2017,
	Author = {Soszy{\'n}ski, I and Pawlak, M and Pietrukowicz, P and Udalski, A and Szyma{\'n}ski, MK and Wyrzykowski, {\L} and Ulaczyk, K and Poleski, R and Kozlowski, S and Skowron, DM and others},
	Journal = {arXiv preprint arXiv:1701.03105},
	Title = {The OGLE Collection of Variable Stars. Over 450 000 Eclipsing and Ellipsoidal Binary Systems Toward the Galactic Bulge},
	Year = {2017}}

@article{howard2012,
	Author = {Howard, Andrew W and Marcy, Geoffrey W and Bryson, Stephen T and Jenkins, Jon M and Rowe, Jason F and Batalha, Natalie M and Borucki, William J and Koch, David G and Dunham, Edward W and Gautier III, Thomas N and others},
	Journal = {The Astrophysical Journal Supplement Series},
	Number = {2},
	Pages = {15},
	Publisher = {IOP Publishing},
	Title = {Planet occurrence within 0.25 AU of solar-type stars from Kepler},
	Volume = {201},
	Year = {2012}}

@misc{populationgrowth,
	Author = {Wikipedia},
	Howpublished = {\url{https://en.wikipedia.org/wiki/Population_growth}},
	Note = {Accessed: 2017-05-16},
	Title = {Population Growth}}

@misc{lrwiki,
	Author = {Wikipedia},
	Howpublished = {\url{https://en.wikipedia.org/wiki/Logistic_regression}},
	Note = {Accessed: 2017-05-16},
	Title = {Logistic Regression}}
